% This file was created with JabRef 2.8.
% Encoding: Cp1252

@STRING{and = { and }}

@STRING{aug = {August}}

@STRING{berlin_heidelberg = {Berlin Heidelberg}}

@STRING{dec = {December}}

@STRING{elsevier = {Elsevier}}

@STRING{emmanuel_melin = {Emmanuel Melin}}

@STRING{feb = {February}}

@STRING{hiep_thuan = {Do Hiep-Thuan}}

@STRING{jan = {January}}

@STRING{jul = {July}}

@STRING{jun = {June}}

@STRING{lncs = {LNCS - Lecture Notes in Computer Science}}

@STRING{mar = {March}}

@STRING{may = {May}}

@STRING{nov = {November}}

@STRING{oct = {October}}

@STRING{sebastien_limet = {S{\'e}bastien Limet}}

@STRING{sep = {September}}

@STRING{springer = {Springer}}

@STRING{springer_verlag = {Springer-Verlag}}

@INPROCEEDINGS{DBLP:conf/iccS/DuprosDA13,
  author = {Fabrice Dupros and Hiep-Thuan Do and Hideo Aochi},
  title = {On Scalability Issues of the Elastodynamics Equations on Multicore
	Platforms},
  booktitle = {ICCS},
  year = {2013},
  pages = {1226-1234},
  bibsource = {DBLP, http://dblp.uni-trier.de},
  crossref = {DBLP:conf/iccS/2013},
  ee = {http://dx.doi.org/10.1016/j.procs.2013.05.289}
}

@ARTICLE{CPE:CPE2950,
  author = {Hiep-Thuan Do and S{\'e}bastien Limet and Emmanuel Melin},
  title = {A scalable parallel minimum spanning tree algorithm for catchment
	basin delimitation in large digital elevation models},
  journal = {Concurrency and Computation: Practice and Experience},
  year = {2012},
  doi = {10.1002/cpe.2950},
  issn = {1532-0634},
  keywords = {geographic information system, digital elevation model, catchment
	basin, minimum spanning tree, image segmentation},
  publisher = {John Wiley \& Sons, Ltd},
  url = {http://dx.doi.org/10.1002/cpe.2950}
}

@ARTICLE{Do-Limet-Melin-2011,
  author = {Hiep-Thuan Do and S{\'e}bastien Limet and Emmanuel Melin},
  title = {Parallel Computing Flow Accumulation in Large Digital Elevation Models},
  journal = {ICCS-2011 - The International Conference on Computational Science,
	Japan (to appear)},
  year = {2011},
  owner = {hiep-thuan},
  timestamp = {2011.02.25}
}

@ARTICLE{Do-Limet-Melin-2010,
  author = {Hiep-Thuan Do and S{\'e}bastien Limet and Emmanuel Melin},
  title = {Parallel computing of cachment basins of rivers in large digital
	elevation models},
  journal = {The International Conference on High Performance Computing and Simulation
	(HPCS-2010 Caen)},
  year = {2010},
  month = {June--July},
  comment = {Selected as one of 5 best papers},
  doi = {10.1109/HPCS.2010.5547157},
  url = {http://ieeexplore.ieee.org/Xplore/login.jsp?url=http%3A%2F%2Fieeexplore.ieee.org%2Fiel5%2F5538704%2F5547051%2F05547157.pdf%3Farnumber%3D5547157&authDecision=-201}
}

@INPROCEEDINGS{Do-Limet-Melin-2009,
  author = {Hiep-Thuan Do and S{\'e}bastien Limet and Emmanuel Melin},
  title = {Parallel computing of catchment basins in large digital elevation
	model},
  booktitle = {HPCA (China)},
  year = {2009},
  volume = {5938},
  series = lncs,
  pages = {133--138},
  address = berlin_heidelberg,
  month = aug,
  publisher = springer_verlag,
  doi = {10.1007/978-3-642-11842-5_17},
  ee = {http://dx.doi.org/10.1007/978-3-642-11842-5_17},
  url = {http://www.springerlink.com/content/k7v53v6820370586/}
}

@ARTICLE{Do-Pham-Do:2005,
  author = {Hiep-Thuan Do and Nguyen-Khang Pham and Thanh-Nghi Do},
  title = {A simple, Fast Support Vector Machine Algorithm for Datamining},
  journal = {FAIR'05: the $2^{nd}$ Fundamental \& Applied IT Research},
  year = {2005},
  owner = {hiep-thuan},
  timestamp = {2011.04.22}
}

@ARTICLE{Do-Sanza-Duthen:2006,
  author = {Hiep-Thuan Do and C\'{e}dric Sanza and Yves Duthen},
  title = {Simulation Comportementale de la circulation \`{a} motos dans les
	grandes villes vietnamiennes},
  journal = {The $9^{th}$ national conference in computer science},
  year = {2006},
  owner = {hiep-thuan},
  timestamp = {2011.04.22}
}

@ARTICLE{Do-Pham-Do-Lam:2007,
  author = {Thanh-Nghi Do and Nguyen-Khang Pham and Hiep-Thuan Do and Ngoc-Chau
	Lam-Thi},
  title = {Data Mining with {R}},
  journal = {FAIR'07, the 3$^{rd}$ Fundamental \& Applied IT Research},
  year = {2007},
  owner = {hiep-thuan},
  timestamp = {2011.04.22}
}

